<?xml version="1.0" encoding="UTF-8"?>
<record xmlns="http://www.loc.gov/MARC21/slim" xmlns:xsi="http://www.w3.org/2001/XMLSchema-instance" xsi:schemaLocation="http://www.loc.gov/MARC21/slim http://www.loc.gov/standards/marcxml/schema/MARC21slim.xsd">
<leader>     nam a2200337 a 4500</leader>
<controlfield tag="001">001682342</controlfield>
<controlfield tag="003">NNU</controlfield>
<controlfield tag="005">19970327174528.0</controlfield>
<controlfield tag="008">960827s1963    ir h     b    000 0 arar</controlfield>
<datafield tag="010" ind1=" " ind2=" ">
<subfield code="a">68290200</subfield>
</datafield>
<datafield tag="035" ind1="9" ind2=" ">
<subfield code="a">NYUb12225756</subfield>
</datafield>
<datafield tag="035" ind1=" " ind2=" ">
<subfield code="a">(MH)MHBIE15948HU</subfield>
</datafield>
<datafield tag="035" ind1=" " ind2=" ">
<subfield code="a">(CStRLIN)MAHGBIE15948-B</subfield>
</datafield>
<datafield tag="040" ind1=" " ind2=" ">
<subfield code="a">DLC</subfield>
<subfield code="c">DLC</subfield>
<subfield code="d">MH</subfield>
<subfield code="d">CStRLIN</subfield>
</datafield>
<datafield tag="100" ind1="1" ind2=" ">
<subfield code="a">Ibn Dāwūd al-Ḥillī, al-Ḥasan ibn ʻAlī,</subfield>
<subfield code="d">1249 or 50-1339 or 40.</subfield>
</datafield>
<datafield tag="240" ind1="1" ind2="0">
<subfield code="a">Rijāl</subfield>
</datafield>
<datafield tag="245" ind1="1" ind2="0">
<subfield code="a">Kitāb al-Rijāl /</subfield>
<subfield code="c">li-Taqī al-Dīn al-Ḥasan ibn ʻAlī ibn Dāūd al-Ḥullī. Wa-yataqaddamahu Kitāb al-Rijāl / li-Abī Jaʻfar Aḥmad ibn Abī ʻAbd al-Lāh al-Barqī.</subfield>
</datafield>
<datafield tag="260" ind1=" " ind2=" ">
<subfield code="a">Tihrān :</subfield>
<subfield code="b">Chāpkhāhah-ʼi Danishgāh,</subfield>
<subfield code="c">1342 [1963 or 1964]</subfield>
</datafield>
<datafield tag="300" ind1=" " ind2=" ">
<subfield code="a">4, 98, 3 p., 570 columns :</subfield>
<subfield code="b">48 facsims. ;</subfield>
<subfield code="c">25cm.</subfield>
</datafield>
<datafield tag="490" ind1="1" ind2=" ">
<subfield code="a">Intishārāt-i Dānishgāh-i Tihrān ;</subfield>
<subfield code="v">857.</subfield>
<subfield code="a">Hadīyah-ʼi Aṣghar Mahdavī bih Dānishgāh-i Tihrān ;</subfield>
<subfield code="v">4</subfield>
</datafield>
<datafield tag="500" ind1=" " ind2=" ">
<subfield code="a">Text by al-Barqī, prefixed to the main work, has been drawn from his Kitāb al-Maḥāsin.</subfield>
</datafield>
<datafield tag="504" ind1=" " ind2=" ">
<subfield code="a">Includes bibliographical references (p.[2]-4 (1stgroup))</subfield>
</datafield>
<datafield tag="650" ind1=" " ind2="0">
<subfield code="a">Hadith</subfield>
<subfield code="x">Authorities.</subfield>
</datafield>
<datafield tag="650" ind1=" " ind2="0">
<subfield code="a">Imams (Shiites)</subfield>
</datafield>
<datafield tag="650" ind1=" " ind2="0">
<subfield code="a">Shiites.</subfield>
</datafield>
<datafield tag="650" ind1=" " ind2="0">
<subfield code="a">Muslims</subfield>
<subfield code="v">Biography.</subfield>
</datafield>
<datafield tag="700" ind1="1" ind2=" ">
<subfield code="a">Barqī, Aḥmad ibn Muḥammad,</subfield>
<subfield code="d">d. 887 or 8.</subfield>
</datafield>
<datafield tag="830" ind1=" " ind2="0">
<subfield code="a">Publications de l'Université de Tehran ;</subfield>
<subfield code="v">no 857.</subfield>
</datafield>
<datafield tag="830" ind1=" " ind2="0">
<subfield code="a">Publications de l'Université de Tehran.</subfield>
<subfield code="p">Hadīyah-ʼi Aṣgh ar Mahdavī bih Dānishgāh-i Tihrān ;</subfield>
<subfield code="v">4.</subfield>
</datafield>
<datafield tag="OWN" ind1=" " ind2=" ">
<subfield code="a">GENERAL</subfield>
</datafield>
<datafield tag="950" ind1=" " ind2=" ">
<subfield code="l">BMAIN</subfield>
<subfield code="a">BP136.48</subfield>
<subfield code="b">.H5</subfield>
</datafield>
<datafield tag="955" ind1=" " ind2=" ">
<subfield code="l">BMAIN</subfield>
<subfield code="c">1</subfield>
<subfield code="r">027724858</subfield>
</datafield>
<datafield tag="998" ind1=" " ind2=" ">
<subfield code="s">9115</subfield>
</datafield>
<datafield tag="AVA" ind1=" " ind2=" ">
<subfield code="a">NYU50</subfield>
<subfield code="b">BOBST</subfield>
<subfield code="c">Main Collection</subfield>
<subfield code="d">BP136.48 .H5</subfield>
<subfield code="e">unavailable</subfield>
<subfield code="t">Unavailable</subfield>
<subfield code="f">1</subfield>
<subfield code="g">1</subfield>
<subfield code="h">N</subfield>
<subfield code="i">0</subfield>
<subfield code="j">MAIN</subfield>
<subfield code="k">0</subfield>
</datafield>
</record>
